@article{Thomson2010CathodeRays,
    title = {{Cathode Rays}},
    year = {2010},
    journal = {Philosophical Magazine},
    author = {Thomson, J.J.},
    number = {sup1},
    month = {2},
    pages = {25--29},
    volume = {90},
    url = {http://www.tandfonline.com/doi/abs/10.1080/14786431003659214}
}

@article{Taylor1997AnAnalysis,
    title = {{An Introduction to Error Analysis}},
    year = {1997},
    journal = {Journal of the Acoustical Society of America},
    author = {Taylor, John R.},
    pages = {330},
    volume = {101},
    url = {http://link.aip.org/link/?JAS/101/1779/1{\&}Agg=doi},
    isbn = {093570275X},
    doi = {10.1121/1.418074},
    issn = {00014966},
    pmid = {2354844}
}

@book{Griffiths2013IntroductionElectrodynamics,
    title = {{Introduction to Electrodynamics}},
    year = {2013},
    booktitle = {Journal of Chemical Information and Modeling},
    author = {Griffiths, David},
    number = {9},
    pages = {1689--1699},
    volume = {53},
    isbn = {9788578110796},
    doi = {10.1017/CBO9781107415324.004},
    issn = {1098-6596},
    pmid = {25246403},
    arxivId = {arXiv:1011.1669v3},
    keywords = {icle}
}